@book{met,
  title={MÉTRICA Versión 3},
  institution={Consejo Superior de Administración Electrónica},
  publisher={http://www.csi.map.es/csi/metrica3/index.html}
}

@book{ieee,
  title={Estándar IEEE 1058},
  institution={Institute of Electrical and Electronics Engineers},
}
 
