@book{met,
  author={MÉTRICA Versión 3},
  title={Consejo Superior de Administración Electrónica},
  publisher={http://www.csi.map.es/csi/metrica3/index.html}
}

@book{ieee,
  author={Estándar IEEE 1058},
  title={Standard for Software Project Management Plans},
  publisher={Institute of Electrical and Electronics Engineers},
  year={1998}
}
 
