@book{wiki,
  title={WIKIPEDIA La Enciclopedia libre},
  institution={Universitas Malacitana},
  publisher={http://es.wikipedia.org/wiki/Universidad\_de\_Málaga}
}
@book{uma,
  title={Universidad de Málaga},
  publisher={http://www.uma.es/}
}
