@book{met,
  title={MÉTRICA Versión 3},
  author={Consejo Superior de Administración Electrónica},
  publisher={http://www.csi.map.es/csi/metrica3/index.html}
}

@book{ieee,
  title={Estándar IEEE 1058},
  author={Standard for Software Project Management Plans},
  publisher={Institute of Electrical and Electronics Engineers},
  year={1998}
}
 
