@book{met,
  author={Consejo Superior de Administración Electrónica},
  title={MÉTRICA Versión 3},
  publisher={http://www.csi.map.es/csi/metrica3/index.html}
}

@book{uma,
  title={Universidad de Málaga},
  publisher={``http://www.uma.es/''}
}

@book{albrecht,
  author={Allan Albrecht},
  tile={Measuring Application Development Productivity},
  year={1979},
  publisher={Development Joint SHARE/GUIDE Symposium},
  pages={83-92}
}
