@book{uma,
  title={Universidad de MÃ¡laga},
  publisher={``http://www.uma.es/''}
}

@book{albrecht,
  author={Allan Albrecht},
  title={Measuring Application Development Productivity},
  year={1979},
  publisher={Development Joint SHARE/GUIDE Symposium},
  pages={83-92}
}

@book{cocomo,
  author={Barry W. Boehm}, 
  title={COnstructive COst MOdel II},
  year={1981},
  institution={Center for Software Engineering},
  publisher={``http://sunset.usc.edu/csse/research/COCOMOII/cocomo\_main.html''}
}
