@book{wiki,
  title={WIKIPEDIA La Enciclopedia libre},
  institution={Universitas Malacitana},
  publisher={http://es.wikipedia.org/wiki/Universidad\_de\_Málaga}
}
@book{uma,
  title={Universidad de Málaga},
  publisher={``http://www.uma.es/''}
}
@book{ora,
  title={Oracle, Relational Data Base Management System},
  institution={Oracle Corporation},
  publisher={``http://www.oracle.com''}
}
@book{sql,
  title={Microsoft SQL Server},
  institution={Microsoft},
  publisher={``http://www.microsoft.com/latam/sqlserver/'')
}
@book{tra,
  title={Art.: La enseñanza de lenguas y la adquisión de las competencias para 
la traducción y la interpretación},
  author={Cómitre Narváez, I., Acuña Partal, M.C. et al},
  institution={Universidad de Málaga}
}
@book{ada,
  title= {ADAMAIL, Gestor de correos},
  publisher={``http://www.adamail.com.ar''}
}
  
 
